@misc{cohen2016group,
      title={Group Equivariant Convolutional Networks}, 
      author={Taco S. Cohen and Max Welling},
      year={2016},
      eprint={1602.07576},
      archivePrefix={arXiv},
      primaryClass={cs.LG}
}

@inproceedings{Yu22a,
    title = {{KeyMorph}: Robust Multi-modal Affine Registration via Unsupervised Keypoint Detection},
    author = {Yu, Evan M. and Wang, Alan Q. and Dalca, Adrian V. and Sabuncu, Mert R.},
    booktitle = {MIDL},
    year = 2022}

@inproceedings{Karras2021,
    author = {Tero Karras and Miika Aittala and Samuli Laine and Erik H\"ark\"onen and Janne Hellsten and Jaakko Lehtinen and Timo Aila},
    title = {Alias-Free Generative Adversarial Networks},
    booktitle = {NeurIPS},
    year = {2021}
}

@InProceedings{Truong_2021_ICCV,
    author    = {Truong, Prune and Danelljan, Martin and Yu, Fisher and Van Gool, Luc},
    title     = {Warp Consistency for Unsupervised Learning of Dense Correspondences},
    booktitle = {ICCV},
    year      = {2021},
}

@article{iglesias2023easyreg,
  title={{EasyReg}: A ready-to-use deep learning tool for symmetric affine and nonlinear brain {MRI} registration},
  author={Iglesias, Juan Eugenio},
  year={2023}
}
@article{miller2001group,
  title={Group actions, homeomorphisms, and matching: A general framework},
  author={Miller, Michael I and Younes, Laurent},
  journal={IJCV},
  volume={41},
  number={1},
  pages={61--84},
  year={2001}}

@article{harms2018972,
title = {Extending the Human Connectome Project across ages: Imaging protocols for the Lifespan Development and Aging projects},
journal = {NeuroImage},
volume = {183},
pages = {972-984},
year = {2018},
issn = {1053-8119},
doi = {https://doi.org/10.1016/j.neuroimage.2018.09.060},
url = {https://www.sciencedirect.com/science/article/pii/S1053811918318652},
author = {Michael P Harms and Leah H Somerville and Beau M Ances and Jesper Andersson and Deanna M Barch and Matteo Bastiani and Susan Y Bookheimer and Timothy B Brown and Randy L Buckner and Gregory C Burgess and Timothy S Coalson and Michael A Chappell and Mirella Dapretto and Gwenaëlle Douaud and Bruce Fischl and Matthew F Glasser and Douglas N Greve and Cynthia Hodge and Keith W Jamison and Saad Jbabdi and Sridhar Kandala and Xiufeng Li and Ross W Mair and Silvia Mangia and Daniel Marcus and Daniele Mascali and Steen Moeller and Thomas E Nichols and Emma C Robinson and David H Salat and Stephen M Smith and Stamatios N Sotiropoulos and Melissa Terpstra and Kathleen M Thomas and M Dylan Tisdall and Kamil Ugurbil and Andre {van der Kouwe} and Roger P. Woods and Lilla Z\"ollei and David C. {Van Essen} and Essa Yacoub},
keywords = {Connectomics, Resting-state, Functional connectivity, Task, Diffusion, Perfusion, Development, Aging, Lifespan},
abstract = {The Human Connectome Projects in Development (HCP-D) and Aging (HCP-A) are two large-scale brain imaging studies that will extend the recently completed HCP Young-Adult (HCP-YA) project to nearly the full lifespan, collecting structural, resting-state fMRI, task-fMRI, diffusion, and perfusion MRI in participants from 5 to 100+ years of age. HCP-D is enrolling 1300+ healthy children, adolescents, and young adults (ages 5–21), and HCP-A is enrolling 1200+ healthy adults (ages 36–100+), with each study collecting longitudinal data in a subset of individuals at particular age ranges. The imaging protocols of the HCP-D and HCP-A studies are very similar, differing primarily in the selection of different task-fMRI paradigms. We strove to harmonize the imaging protocol to the greatest extent feasible with the completed HCP-YA (1200+ participants, aged 22–35), but some imaging-related changes were motivated or necessitated by hardware changes, the need to reduce the total amount of scanning per participant, and/or the additional challenges of working with young and elderly populations. Here, we provide an overview of the common HCP-D/A imaging protocol including data and rationales for protocol decisions and changes relative to HCP-YA. The result will be a large, rich, multi-modal, and freely available set of consistently acquired data for use by the scientific community to investigate and define normative developmental and aging related changes in the healthy human brain.}
}

@article{avants2008symmetric,
  title={Symmetric diffeomorphic image registration with cross-correlation: evaluating automated labeling of elderly and neurodegenerative brain},
  author={Avants, Brian B and Epstein, Charles L and Grossman, Murray and Gee, James C},
  journal={MedIA},
  volume={12},
  number={1},
  pages={26--41},
  year={2008},
}


@InProceedings{Mok_2020_CVPR,
author = {Mok, Tony C.W. and Chung, Albert C.S.},
title = {Fast Symmetric Diffeomorphic Image Registration with Convolutional Neural Networks},
booktitle = {Proceedings of the IEEE/CVF Conference on Computer Vision and Pattern Recognition (CVPR)},
month = {June},
year = {2020}
}



@article{arsigny2009fast,
  title={A fast and log-{Euclidean} polyaffine framework for locally linear registration},
  author={Arsigny, Vincent and Commowick, Olivier and Ayache, Nicholas and Pennec, Xavier},
  journal={J. Math. Imaging Vis.},
  volume={33},
  number={2},
  pages={222--238},
  year={2009},
  publisher={Springer}
}

@article{mang2016H1,
author = {Mang, Andreas and Biros, George},
year = {2016},
month = {08},
pages = {1154-1194},
title = {Constrained {H1}-regularization schemes for diffeomorphic image registration},
volume = {9},
journal = {SIAM J. Imaging Sci.}}



@inproceedings{bian2022learning,
  title={Learning pixel trajectories with multiscale contrastive random walks},
  author={Bian, Zhangxing and Jabri, Allan and Efros, Alexei A and Owens, Andrew},
  booktitle={CVPR},
  year={2022}
}

@inproceedings{butler2012naturalistic,
  title={A naturalistic open source movie for optical flow evaluation},
  author={Butler, Daniel J and Wulff, Jonas and Stanley, Garrett B and Black, Michael J},
  booktitle={ECCV},
  year={2012}}

@inproceedings{ilg2017flownet,
  title={Flownet 2.0: Evolution of optical flow estimation with deep networks},
  author={Ilg, Eddy and Mayer, Nikolaus and Saikia, Tonmoy and Keuper, Margret and Dosovitskiy, Alexey and Brox, Thomas},
  booktitle={CVPR},
  year={2017}
}

@inproceedings{dosovitskiy2015flownet,
  title={Flownet: Learning optical flow with convolutional networks},
  author={Dosovitskiy, Alexey and Fischer, Philipp and Ilg, Eddy and Hausser, Philip and Hazirbas, Caner and Golkov, Vladimir and Van Der Smagt, Patrick and Cremers, Daniel and Brox, Thomas},
  booktitle={CVPR},
  year={2015}
}

@article{huang2022flowformer,
  title={FlowFormer: A Transformer Architecture for Optical Flow},
  author={Huang, Zhaoyang and Shi, Xiaoyu and Zhang, Chao and Wang, Qiang and Cheung, Ka Chun and Qin, Hongwei and Dai, Jifeng and Li, Hongsheng},
  journal={arXiv preprint \texttt{arXiv:2203.16194}},
  year={2022}
}

@inproceedings{sun2018pwc,
  title={Pwc-net: {CNN}s for optical flow using pyramid, warping, and cost volume},
  author={Sun, Deqing and Yang, Xiaodong and Liu, Ming-Yu and Kautz, Jan},
  booktitle={CVPR},
  year={2018}
}

@inproceedings{teed2020raft,
  title={Raft: Recurrent all-pairs field transforms for optical flow},
  author={Teed, Zachary and Deng, Jia},
  booktitle={ECCV},
  year={2020}}

@article{horn1981determining,
  title={Determining optical flow},
  author={Horn, Berthold KP and Schunck, Brian G},
  journal={Artif. Intell.},
  volume={17},
  number={1-3},
  pages={185--203},
  year={1981}}

@article{fortun2015optical,
  title={Optical flow modeling and computation: A survey},
  author={Fortun, Denis and Bouthemy, Patrick and Kervrann, Charles},
  journal={Comput. Vis. Image Underst.},
  volume={134},
  pages={1--21},
  year={2015}}

@article{han2021deep,
  title={Deep-learning-based image registration and automatic segmentation of organs-at-risk in cone-beam {CT} scans from high-dose radiation treatment of pancreatic cancer},
  author={Han, Xu and Hong, Jun and Reyngold, Marsha and Crane, Christopher and Cuaron, John and Hajj, Carla and Mann, Justin and Zinovoy, Melissa and Greer, Hastings and Yorke, Ellen and Mageras, Gig and Niethammer, Marc},
  journal={J. Med. Phys.},
  volume={48},
  number={6},
  pages={3084--3095},
  year={2021}}

@article{evans2012brain,
  title={Brain templates and atlases},
  author={Evans, Alan C and Janke, Andrew L and Collins, D Louis and Baillet, Sylvain},
  journal={Neuroimage},
  volume={62},
  number={2},
  pages={911--922},
  year={2012},
}

@article{viergever2016survey,
  title={A survey of medical image registration},
  author={Viergever, Max A and Maintz, JB Antoine and Klein, Stefan and Murphy, Keelin and Staring, Marius and Pluim, Josien PW},
  journal={MedIA},
  volume={33},
  pages={140--144},
  year={2016},
}

@article{kessler2006image,
  title={Image registration and data fusion in radiation therapy},
  author={Kessler, Marc L},
  journal={Brit. J. Radiol.},
  volume={79},
  number={S1},
  pages={S99--S108},
  year={2006}}

@article{nevitt2006osteoarthritis,
  title={The osteoarthritis initiative},
  author={Nevitt, Michael C and Felson, David T and Lester, Gayle},
  journal={Protocol for the cohort study},
  volume={1},
  year={2006}
}

@article{van2012human,
  title={The Human Connectome Project: a data acquisition perspective},
  author={Van Essen, David C and Ugurbil, Kamil and Auerbach, Edward and Barch, Deanna and Behrens, Timothy EJ and Bucholz, Richard and Chang, Acer and Chen, Liyong and Corbetta, Maurizio and Curtiss, Sandra W and Della Penna, Stefania and Feinberg, David and Glasser, Matthew F and Harel, Noam and Heath, Andrew C and Larson-Prior, Linda and Marcus, Daniel and Michalareas, Georgios and Moeller, Steen and Oostenfeld, Robert and Peterson, Steve E and Prior, Fred and Schlaggar, Brad L and Smith, Stephen M and Snyder, Abraham Z and Xu, Junqian and Yacoub, Essa and WU-Minn HCP Consortium},
  journal={Neuroimage},
  volume={62},
  number={4},
  pages={2222--2231},
  year={2012},
  publisher={Elsevier}
}

@article{Charpiat2007,
author = {Charpiat, Guillaume and Maurel, Pierre and Pons, Jean-Philippe and Keriven, Renaud and Faugeras, Olivier},
year = {2007},
month = {07},
pages = {325-344},
title = {Generalized Gradients: Priors on Minimization Flows},
volume = {73},
journal = {IJCV},
}

@article{hermosillo2002variational,
  title={Variational methods for multimodal image matching},
  author={Hermosillo, Gerardo and Chefd'Hotel, Christophe and Faugeras, Olivier},
  journal={IJCV},
  volume={50},
  number={3},
  pages={329--343},
  year={2002},
}

@article{holden2007review,
  title={A review of geometric transformations for nonrigid body registration},
  author={Holden, Mark},
  journal={TMI},
  volume={27},
  number={1},
  pages={111--128},
  year={2007},
}

@inproceedings{ronneberger2015u,
  title={U-net: Convolutional networks for biomedical image segmentation},
  author={Ronneberger, Olaf and Fischer, Philipp and Brox, Thomas},
  booktitle={MICCAI},
  pages={234--241},
  year={2015},
}

@inproceedings{cciccek20163d,
  title={{3D U-Net}: learning dense volumetric segmentation from sparse annotation},
  author={{\c{C}}i{\c{c}}ek, {\"O}zg{\"u}n and Abdulkadir, Ahmed and Lienkamp, Soeren S and Brox, Thomas and Ronneberger, Olaf},
  booktitle={MICCAI},
  pages={424--432},
  year={2016},
}

@article{yang2017quicksilver,
  title={Quicksilver: Fast predictive image registration--a deep learning approach},
  author={Yang, Xiao and Kwitt, Roland and Styner, Martin and Niethammer, Marc},
  journal={NeuroImage},
  volume={158},
  pages={378--396},
  year={2017},
}

@inproceedings{arsigny2006log,
  title={A log-{Euclidean} framework for statistics on diffeomorphisms},
  author={Arsigny, Vincent and Commowick, Olivier and Pennec, Xavier and Ayache, Nicholas},
  booktitle={MICCAI},
    year={2006}
}

@inproceedings{vercauteren2008symmetric,
  title={Symmetric log-domain diffeomorphic registration: A {Demons}-based approach},
  author={Vercauteren, Tom and Pennec, Xavier and Perchant, Aymeric and Ayache, Nicholas},
  booktitle={MICCAI},
  year={2008}}
  
@article{vialard2012diffeomorphic,
  title={Diffeomorphic {3D} image registration via geodesic shooting using an efficient adjoint calculation},
  author={Vialard, Fran{\c{c}}ois-Xavier and Risser, Laurent and Rueckert, Daniel and Cotter, Colin J},
  journal={IJCV},
  volume={97},
  number={2},
  pages={229--241},
  year={2012},
}

@article{christensen2001consistent,
  title={Consistent image registration},
  author={Christensen, Gary E and Johnson, Hans J},
  journal={TMI},
  volume={20},
  number={7},
  pages={568--582},
  year={2001},
}

@inproceedings{shen2021accurate,
  title={Accurate Point Cloud Registration with Robust Optimal Transport},
  author={Shen, Zhengyang and Feydy, Jean and Liu, Peirong and Curiale, Ariel H and San Jose Estepar, Ruben and San Jose Estepar, Raul and Niethammer, Marc},
  booktitle={NeurIPS},
  year={2021}
}

@article{hansen2021graphregnet,
  title={{GraphRegNet}: Deep graph regularisation networks on sparse keypoints for dense registration of {3D} lung {CTs}},
  author={Hansen, Lasse and Heinrich, Mattias P},
  journal={TMI},
  volume={40},
  number={9},
  pages={2246--2257},
  year={2021},
}

@article{haber2007image,
  title={Image registration with guaranteed displacement regularity},
  author={Haber, Eldad and Modersitzki, Jan},
  journal={IJCV},
  volume={71},
  number={3},
  pages={361--372},
  year={2007},
  publisher={Springer}
}

@book{modersitzki2003numerical,
  title={Numerical methods for image registration},
  author={Modersitzki, Jan},
  year={2003},
  publisher={OUP Oxford}
}

@article{chen2021deep,
  title={Deep learning in medical image registration},
  author={Chen, Xiang and Diaz-Pinto, Andres and Ravikumar, Nishant and Frangi, Alejandro F},
  journal={Prog. biomed. eng. },
  volume={3},
  number={1},
  pages={012003},
  year={2021},
  publisher={IOP Publishing}
}

@article{regan2011genetic,
  title={Genetic epidemiology of {COPD (COPDGene)} study design},
  author={Regan, Elizabeth A and Hokanson, John E and Murphy, James R and Make, Barry and Lynch, David A and Beaty, Terri H and Curran-Everett, Douglas and Silverman, Edwin K and Crapo, James D},
  journal={{COPD}: J. Chronic Obstr. Pulm. Dis.},
  volume={7},
  number={1},
  pages={32--43},
  year={2011},
}

@article{castillo2013reference,
  title={A reference dataset for deformable image registration spatial accuracy evaluation using the {COPDgene} study archive},
  author={Castillo, Richard and Castillo, Edward and Fuentes, David and Ahmad, Moiz and Wood, Abbie M and Ludwig, Michelle S and Guerrero, Thomas},
  journal={Phys. Med. Biol.},
  volume={58},
  number={9},
  pages={2861},
  year={2013},
}

@inproceedings{wang2019cycles,
  author = {Wang, Xiaolong and Jabri, Allan and Efros, Alexei A.},
  title = {Learning Correspondence from the Cycle-Consistency of Time},
  booktitle = {CVPR},
  year = {2019}}

@article{hering2021learn2reg,
  title={{Learn2Reg}: comprehensive multi-task medical image registration challenge, dataset and evaluation in the era of deep learning},
  author={Hering, Alessa and Hansen, Lasse and Mok, Tony CW and Chung, Albert and Siebert, Hanna and H{\"a}ger, Stephanie and Lange, Annkristin and Kuckertz, Sven and Heldmann, Stefan and Shao, Wei and others},
  journal={arXiv preprint \texttt{arXiv:2112.04489}},
  year={2021}
}

@inproceedings{greer2021icon,
  title={{ICON}: Learning Regular Maps Through Inverse Consistency},
  author={Greer, Hastings and Kwitt, Roland and Vialard, Fran{\c{c}}ois-Xavier and Niethammer, Marc},
  booktitle={ICCV},
  year={2021}
}

@article{staal2004ridge,
  title={Ridge-based vessel segmentation in color images of the retina},
  author={Staal, Joes and Abr{\`a}moff, Michael D and Niemeijer, Meindert and Viergever, Max A and Van Ginneken, Bram},
  journal={TMI},
  volume={23},
  number={4},
  pages={501--509},
  year={2004},
  publisher={IEEE}
}

@article{ashburner2007fast,
  title={A fast diffeomorphic image registration algorithm},
  author={Ashburner, John},
  journal={Neuroimage},
  volume={38},
  number={1},
  pages={95--113},
  year={2007},
  publisher={Elsevier}
}

@article{christensen19943d,
  title={{3D} brain mapping using a deformable neuroanatomy},
  author={Christensen, Gary E and Rabbitt, Richard D and Miller, Michael I},
  journal={Phys. Med. Biol.},
  volume={39},
  number={3},
  pages={609},
  year={1994},
}

@article{christensen1996deformable,
  title={Deformable templates using large deformation kinematics},
  author={Christensen, Gary E and Rabbitt, Richard D and Miller, Michael I},
  journal={TMI},
  volume={5},
  number={10},
  pages={1435--1447},
  year={1996},
}

@article{wang2022plosl,
  title={{PLOSL}: Population learning followed by one shot learning pulmonary image registration using tissue volume preserving and vesselness constraints},
  author={Wang, Di and Pan, Yue and Durumeric, Oguz C and Reinhardt, Joseph M and Hoffman, Eric A and Schroeder, Joyce D and Christensen, Gary E},
  journal={MedIA},
  volume={79},
  pages={102434},
  year={2022}}

@article{beg2005computing,
  title={Computing large deformation metric mappings via geodesic flows of diffeomorphisms},
  author={Beg, M Faisal and Miller, Michael I and Trouv{\'e}, Alain and Younes, Laurent},
  journal={IJCV},
  volume={61},
  number={2},
  pages={139--157},
  year={2005},
}

@article{miller2006geodesic,
  title={Geodesic shooting for computational anatomy},
  author={Miller, Michael I and Trouv{\'e}, Alain and Younes, Laurent},
  journal={J. Math. Imaging Vis.},
  volume={24},
  number={2},
  pages={209--228},
  year={2006},
}

@inproceedings{studholme1995multiresolution,
  title={Multiresolution voxel similarity measures for {MR-PET} registration},
  author={Studholme, Colin and Hill, Derek LG and Hawkes, David J},
  booktitle={IPMI},
  year={1995}}

@article{maes1999comparative,
  title={Comparative evaluation of multiresolution optimization strategies for multimodality image registration by maximization of mutual information},
  author={Maes, Frederik and Vandermeulen, Dirk and Suetens, Paul},
  journal={MedIA},
  volume={3},
  number={4},
  pages={373--386},
  year={1999},
}

@article{thevenaz2000optimization,
  title={Optimization of mutual information for multiresolution image registration},
  author={Th\'evenaz, Philippe and Unser, Michael},
  journal={TMI},
  volume={9},
  number={12},
  pages={2083--2099},
  year={2000}
}

@article{balakrishnan2019voxelmorph,
  title={{VoxelMorph}: a learning framework for deformable medical image registration},
  author={Balakrishnan, Guha and Zhao, Amy and Sabuncu, Mert R and Guttag, John and Dalca, Adrian V},
  journal={TMI},
  volume={38},
  number={8},
  pages={1788--1800},
  year={2019},
}

@article{eppenhof2019progressively,
  title={Progressively trained convolutional neural networks for deformable image registration},
  author={Eppenhof, Koen AJ and Lafarge, Maxime W and Veta, Mitko and Pluim, Josien PW},
  journal={TMI},
  volume={39},
  number={5},
  pages={1594--1604},
  year={2019},
}

@inproceedings{mok2020large,
  title={Large deformation diffeomorphic image registration with {Laplacian} pyramid networks},
  author={Mok, Tony CW and Chung, Albert},
  booktitle={MICCAI},
  year={2020}}
  
@inproceedings{zhao2019recursive,
  title={Recursive cascaded networks for unsupervised medical image registration},
  author={Zhao, Shengyu and Dong, Yue and Chang, Eric I and Xu, Yan and others},
  booktitle={CVPR},
  year={2019}
}

@inproceedings{hering2019mlvirnet,
  title={mlvirnet: Multilevel variational image registration network},
  author={Hering, Alessa and Ginneken, Bram van and Heldmann, Stefan},
  booktitle={MICCAI},
  year={2019}
}

@article{jiang2020multi,
  title={A multi-scale framework with unsupervised joint training of convolutional neural networks for pulmonary deformable image registration},
  author={Jiang, Zhuoran and Yin, Fang-Fang and Ge, Yun and Ren, Lei},
  journal={Phys. Med. Biol.},
  volume={65},
  number={1},
  pages={015011},
  year={2020},
}

@article{de2019deep,
  title={A deep learning framework for unsupervised affine and deformable image registration},
  author={De Vos, Bob D and Berendsen, Floris F and Viergever, Max A and Sokooti, Hessam and Staring, Marius and I{\v{s}}gum, Ivana},
  journal={MedIA},
  volume={52},
  pages={128--143},
  year={2019},
}

@inproceedings{shen2019networks,
  title={Networks for joint affine and non-parametric image registration},
  author={Shen, Zhengyang and Han, Xu and Xu, Zhenlin and Niethammer, Marc},
  booktitle={CVPR},
  year={2019}
}

@article{thirion1998image,
  title={Image matching as a diffusion process: an analogy with {Maxwell's} demons},
  author={Thirion, Jean-Philippe},
  journal={MedIA},
  volume={2},
  number={3},
  pages={243--260},
  year={1998}
}

@article{paszke2019pytorch,
  title={{Pytorch}: An imperative style, high-performance deep learning library},
  author={Paszke, Adam and Gross, Sam and Massa, Francisco and Lerer, Adam and Bradbury, James and Chanan, Gregory and Killeen, Trevor and Lin, Zeming and Gimelshein, Natalia and Antiga, Luca and others},
  journal={NeurIPS},
  year={2019}
}

@inproceedings{chen2018continuous,
  title={Continuous-time flows for efficient inference and density estimation},
  author={Chen, Changyou and Li, Chunyuan and Chen, Liqun and Wang, Wenlin and Pu, Yunchen and Duke, Lawrence Carin},
  booktitle={ICML},
  year={2018}}

@inproceedings{dalca2018unsupervised,
  title={Unsupervised learning for fast probabilistic diffeomorphic registration},
  author={Dalca, Adrian V and Balakrishnan, Guha and Guttag, John and Sabuncu, Mert R},
  booktitle={MICCAI},
  year={2018}}

@inproceedings{shen2019region,
  title={Region-specific diffeomorphic metric mapping},
  author={Shen, Zhengyang and Vialard, Fran{\c{c}}ois-Xavier and Niethammer, Marc},
  journal={NeurIPS},
  year={2019}
}

@article{sotiras2013deformable,
  title={Deformable medical image registration: A survey},
  author={Sotiras, Aristeidis and Davatzikos, Christos and Paragios, Nikos},
  journal={TMI},
  volume={32},
  number={7},
  pages={1153--1190},
  year={2013}}

@article{crum2004non,
  title={Non-rigid image registration: theory and practice},
  author={Crum, William R and Hartkens, Thomas and Hill, DLG},
  journal={Brit. J. Radiol.},
  volume={77},
  number={suppl\_2},
  pages={S140--S153},
  year={2004},
}

@inproceedings{jaderberg2015spatial,
  title={Spatial transformer networks},
  author={Jaderberg, Max and Simonyan, Karen and Zisserman, Andrew and others},
  booktitle={NeurIPS},
  year={2015}
}

@article{vishnevskiy2017isotropic,
  title={Isotropic total variation regularization of displacements in parametric image registration},
  author={Vishnevskiy, Valery and Gass, Tobias and Szekely, Gabor and Tanner, Christine and Goksel, Orcun},
  journal={TMI},
  volume={36},
  number={2},
  pages={385--395},
  year={2017}}

@article{hering2021cnn,
  title={{CNN}-based lung {CT} registration with multiple anatomical constraints},
  author={Hering, Alessa and H{\"a}ger, Stephanie and Moltz, Jan and Lessmann, Nikolas and Heldmann, Stefan and van Ginneken, Bram},
  journal={MedIA},
  volume={72},
  pages={102139},
  year={2021}}

@article{song2010lung,
  title={Lung {CT} image registration using diffeomorphic transformation models},
  author={Song, Gang and Tustison, Nicholas and Avants, Brian and Gee, James C},
  journal={Medical image analysis for the clinic: a grand challenge},
  pages={23--32},
  year={2010},
  publisher={CreateSpace Independent Publishing Platform}
}

@article{klein2009elastix,
  title={Elastix: a toolbox for intensity-based medical image registration},
  author={Klein, Stefan and Staring, Marius and Murphy, Keelin and Viergever, Max A and Pluim, Josien PW},
  journal={TMI},
  volume={29},
  number={1},
  pages={196--205},
  year={2009}}

@article{modat2010fast,
  title={Fast free-form deformation using graphics processing units},
  author={Modat, Marc and Ridgway, Gerard R and Taylor, Zeike A and Lehmann, Manja and Barnes, Josephine and Hawkes, David J and Fox, Nick C and Ourselin, S{\'e}bastien},
  journal={Comput. Methods Programs Biomed.},
  volume={98},
  number={3},
  pages={278--284},
  year={2010}}

@article{he2021recursive,
  title={Recursive Refinement Network for Deformable Lung Registration between Exhale and Inhale {CT} Scans},
  author={He, Xinzi and Guo, Jia and Zhang, Xuzhe and Bi, Hanwen and Gerard, Sarah and Kaczka, David and Motahari, Amin and Hoffman, Eric and Reinhardt, Joseph and Barr, R Graham and Angelini, Elsa and Laine, Andrew},
  journal={arXiv preprint \texttt{arXiv:2106.07608}},
  year={2021}
}

@article{rushmore2022anatomically,
  title={Anatomically curated segmentation of human subcortical structures in high resolution magnetic resonance imaging: An open science approach},
  author={Rushmore, R. Jarrett and
                  Sutherland, Kyle and
                  Carrington, Holly and
                  Chen, Justine and
                  Halle, Michael and
                  Lasso, Andras and
                  Papadimitriou, George and
                  Prunier, Nick and
                  Rizzoni, Elizabeth and
                  Vessey, Brynn and
                  Wilson-Braun, Peter and
                  Rathi, Yogesh and
                  Kubicki, Marek and
                  Bouix, Sylvain and
                  Yeterian, Edward and
                  Makris, Nikos},
  journal={Front. Neuroanat.},
  volume={16},
  year={2022}}

@article{rushmore_r_jarrett_2022_dataset,
  author       = {Rushmore, R. Jarrett and
                  Sutherland, Kyle and
                  Carrington, Holly and
                  Chen, Justine and
                  Halle, Michael and
                  Lasso, Andras and
                  Papadimitriou, George and
                  Prunier, Nick and
                  Rizzoni, Elizabeth and
                  Vessey, Brynn and
                  Wilson-Braun, Peter and
                  Rathi, Yogesh and
                  Kubicki, Marek and
                  Bouix, Sylvain and
                  Yeterian, Edward and
                  Makris, Nikos},
  title        = {{HOA-2/SubcorticalParcellations: 
                   release-50-subjects-1.1.0}},
  month        = sep,
  year         = 2022,
  publisher    = {Zenodo},
  version      = {v1.1.0},
  doi          = {10.5281/zenodo.7080547},
  url          = {https://doi.org/10.5281/zenodo.7080547}
}

@article{reuter2010highly,
  title={Highly accurate inverse consistent registration: a robust approach},
  author={Reuter, Martin and Rosas, H Diana and Fischl, Bruce},
  journal={Neuroimage},
  volume={53},
  number={4},
  pages={1181--1196},
  year={2010},
  publisher={Elsevier}
}

@article{fischer2008ill,
  title={Ill-posed medicine—an introduction to image registration},
  author={Fischer, Bernd and Modersitzki, Jan},
  journal={Inverse problems},
  volume={24},
  number={3},
  pages={034008},
  year={2008},
  publisher={IOP Publishing}
}

@inproceedings{yin2018geonet,
  title={{GeoNet}: Unsupervised learning of dense depth, optical flow and camera pose},
  author={Yin, Zhichao and Shi, Jianping},
  booktitle={CVPR},
  year={2018}
}

@inproceedings{godard2017unsupervised,
  title={Unsupervised monocular depth estimation with left-right consistency},
  author={Godard, Cl{\'e}ment and Mac Aodha, Oisin and Brostow, Gabriel J},
  booktitle={CVPR},
  year={2017}
}


@article{vercauteren2009diffeomorphic,
  title={Diffeomorphic demons: Efficient non-parametric image registration},
  author={Vercauteren, Tom and Pennec, Xavier and Perchant, Aymeric and Ayache, Nicholas},
  journal={NeuroImage},
  volume={45},
  number={1},
  pages={61--72},
  year={2009},
}

@article{hoffmann2022synthmorph,
  title={SynthMorph: learning contrast-invariant registration without acquired images},
  author={Hoffmann, Malte and Billot, Benjamin and Greve, Douglas N and Iglesias, Juan Eugenio and Fischl, Bruce and Dalca, Adrian V},
  journal={TMI},
  volume={41},
  number={3},
  pages={543--558},
  year={2022},
}

@article{tian2022,
  title={GradICON: Approximate Diffeomorphisms via Gradient Inverse Consistency},
  author={Lin Tian and Hastings Greer and Franccois-Xavier Vialard and Roland Kwitt and Ra{\'u}l San Jos{\'e} Est{\'e}par and Marc Niethammer},
  journal={2023 IEEE/CVF Conference on Computer Vision and Pattern Recognition (CVPR)},
  year={2022},
  pages={18084-18094},
  url={https://api.semanticscholar.org/CorpusID:249626296}
}

@article{Honkamaa2022DeformationEC,
  title={Deformation equivariant cross-modality image synthesis with paired non-aligned training data},
  author={Joel Honkamaa and Muhammad Umair Ahmed Khan and Sonja Koivukoski and Leena Latonen and Pekka Ruusuvuori and Pekka Marttinen},
  journal={MedIA},
  year={2022},
  volume={90},
  pages={
          102940
        },
  url={https://api.semanticscholar.org/CorpusID:251881290}
}

@unknown{iglesiasEasyreg,
author = {Iglesias, Juan},
year = {2023},
month = {01},
pages = {},
title = {EasyReg: A ready-to-use deep learning tool for symmetric affine and nonlinear brain MRI registration},
doi = {10.21203/rs.3.rs-2444602/v1}
}

@article{Nordling2023ContrastiveLO,
  title={Contrastive Learning of Equivariant Image Representations for Multimodal Deformable Registration},
  author={Love Nordling and Johan {\"O}fverstedt and Joakim Lindblad and Natasa Sladoje},
  journal={2023 IEEE 20th International Symposium on Biomedical Imaging (ISBI)},
  year={2023},
  pages={1-5},
  url={https://api.semanticscholar.org/CorpusID:261435336}
}

@InProceedings{SURF,
author="Bay, Herbert
and Tuytelaars, Tinne
and Van Gool, Luc",
editor="Leonardis, Ale{\v{s}}
and Bischof, Horst
and Pinz, Axel",
title="{SURF}: Speeded Up Robust Features",
booktitle="ECCV",
year="2006"}

@article{Wang2023ARA,
  title={A robust and interpretable deep learning framework for multi-modal registration via keypoints},
  author={Alan Q. Wang and Evan M. Yu and Adrian V. Dalca and Mert Rory Sabuncu},
  journal={MedIA},
  year={2023},
  volume={90},
  pages={
          102962
        },
  url={https://api.semanticscholar.org/CorpusID:258236429}
}

@inproceedings{
billot2023equivariant,
title={Equivariant and Denoising {CNN}s to Decouple Intensity and Spatial Features for Motion Tracking in Fetal Brain {MRI}},
author={Benjamin Billot and Daniel Moyer and Neerav Karani and Malte Hoffmann and Esra Abaci Turk and Ellen Grant and Polina Golland},
booktitle={Medical Imaging with Deep Learning, short paper track},
year={2023},
url={https://openreview.net/forum?id=C7VKeiHeZT}
}

@article{Greer2023InverseCB,
  title={Inverse Consistency by Construction for Multistep Deep Registration},
  author={Hastings Greer and Lin Tian and François-Xavier Vialard and Roland Kwitt and Sylvain Bouix and Ra{\'u}l San Jos{\'e} Est{\'e}par and Richard J. Rushmore and Marc Niethammer},
  journal={ArXiv},
  year={2023},
  volume={abs/2305.00087},
  url={https://api.semanticscholar.org/CorpusID:258426220}
}

@unknown{asymreg,
author = {Honkamaa, Joel and Marttinen, Pekka},
year = {2023},
month = {03},
pages = {},
title = {ASymReg: Robust symmetric image registration using anti-symmetric formulation and deformation inversion layers}
}

@misc{zhang2018inverseconsistent,
      title={Inverse-Consistent Deep Networks for Unsupervised Deformable Image Registration}, 
      author={Jun Zhang},
      year={2018},
      eprint={1809.03443},
      archivePrefix={arXiv},
      primaryClass={cs.CV}
}

@article{fukushimaneocognitronbc,
  added-at = {2008-03-11T14:52:34.000+0100},
  author = {Fukushima, Kunihiko},
  biburl = {https://www.bibsonomy.org/bibtex/29ecd878c4827c46dab6b9622cfa00072/idsia},
  citeulike-article-id = {2376719},
  interhash = {303975e6400e477e91c91e7dc2c47544},
  intrahash = {9ecd878c4827c46dab6b9622cfa00072},
  journal = {Biological Cybernetics},
  keywords = {nn},
  pages = {193--202},
  priority = {2},
  timestamp = {2008-03-11T15:04:22.000+0100},
  title = {{N}eocognitron: {A} Self-Organizing Neural Network Model for a Mechanism of Pattern Recognition Unaffected by Shift in Position},
  volume = 36,
  year = 1980
}
@inproceedings{parikh-etal-2016-decomposable,
    title = "A Decomposable Attention Model for Natural Language Inference",
    author = {Parikh, Ankur  and
      T{\"a}ckstr{\"o}m, Oscar  and
      Das, Dipanjan  and
      Uszkoreit, Jakob},
    editor = "Su, Jian  and
      Duh, Kevin  and
      Carreras, Xavier",
    booktitle = "Proceedings of the 2016 Conference on Empirical Methods in Natural Language Processing",
    month = nov,
    year = "2016",
    address = "Austin, Texas",
    publisher = "Association for Computational Linguistics",
    url = "https://aclanthology.org/D16-1244",
    doi = "10.18653/v1/D16-1244",
    pages = "2249--2255",
}

@article{Tian2023SAMEAS,
  title={SAME++: A Self-supervised Anatomical eMbeddings Enhanced medical image registration framework using stable sampling and regularized transformation},
  author={Lin Tian and Zi Li and Fengze Liu and Xiaoyu Bai and Jia Ge and Le Lu and Marc Niethammer and Xianghua Ye and Ke Yan and Dakai Jin},
  journal={ArXiv},
  year={2023},
  volume={abs/2311.14986},
  url={https://api.semanticscholar.org/CorpusID:265458245}
}

@ARTICLE{Abdomen1K9497733,
  author={Ma, Jun and Zhang, Yao and Gu, Song and Zhu, Cheng and Ge, Cheng and Zhang, Yichi and An, Xingle and Wang, Congcong and Wang, Qiyuan and Liu, Xin and Cao, Shucheng and Zhang, Qi and Liu, Shangqing and Wang, Yunpeng and Li, Yuhui and He, Jian and Yang, Xiaoping},
  journal={TPAMI}, 
  title={AbdomenCT-1K: Is Abdominal Organ Segmentation a Solved Problem?}, 
  year={2022},
  volume={44},
  number={10},
  pages={6695-6714},
  keywords={Benchmark testing;Liver;Image segmentation;Biological systems;Pancreas;Computed tomography;Kidney;Multi-organ segmentation;generalization;semi-supervised learning;weakly supervised learning;continual learning},
  doi={10.1109/TPAMI.2021.3100536}}

@article{billot_synthseg_2023,
	title = {SynthSeg: {Segmentation} of brain {MRI} scans of any contrast and resolution without retraining},
	author = {Billot, Benjamin and Greve, Douglas N. and Puonti, Oula and Thielscher, Axel and Van Leemput, Koen and Fischl, Bruce and Dalca, Adrian V. and Iglesias, Juan Eugenio},
	journal = {{Medical} {Image} {Analysis}},
	year = {2023},
    volume = {86},
	pages = {102789},
    issn = {1361-8415},
    doi = {10.1016/j.media.2023.102789},
}
@article{dao2022flashattention,
  title={Flashattention: Fast and memory-efficient exact attention with io-awareness},
  author={Dao, Tri and Fu, Dan and Ermon, Stefano and Rudra, Atri and R{\'e}, Christopher},
  journal={NeurIPS},
  year={2022}
}

@InProceedings{moyerspheres,
author="Moyer, Daniel
and Abaci Turk, Esra
and Grant, P. Ellen
and Wells, William M.
and Golland, Polina",
editor="de Bruijne, Marleen
and Cattin, Philippe C.
and Cotin, St{\'e}phane
and Padoy, Nicolas
and Speidel, Stefanie
and Zheng, Yefeng
and Essert, Caroline",
title="Equivariant Filters for Efficient Tracking in 3D Imaging",
booktitle="MICCAI",
year="2021",}

@article{Lowe2004DistinctiveIF,
  title={Distinctive Image Features from Scale-Invariant Keypoints},
  author={David G. Lowe},
  journal={IJCV},
  year={2004},
  volume={60},
  pages={91-110},
  url={https://api.semanticscholar.org/CorpusID:174065}
}
@article{KLEESIEK2016460,
title = {Deep MRI brain extraction: A 3D convolutional neural network for skull stripping},
journal = {NeuroImage},
volume = {129},
pages = {460-469},
year = {2016},
issn = {1053-8119},
doi = {https://doi.org/10.1016/j.neuroimage.2016.01.024},
url = {https://www.sciencedirect.com/science/article/pii/S1053811916000306},
author = {Jens Kleesiek and Gregor Urban and Alexander Hubert and Daniel Schwarz and Klaus Maier-Hein and Martin Bendszus and Armin Biller},
keywords = {MRI, Brain extraction, Brain mask, Skull stripping, Deep learning, Convolutional networks},
abstract = {Brain extraction from magnetic resonance imaging (MRI) is crucial for many neuroimaging workflows. Current methods demonstrate good results on non-enhanced T1-weighted images, but struggle when confronted with other modalities and pathologically altered tissue. In this paper we present a 3D convolutional deep learning architecture to address these shortcomings. In contrast to existing methods, we are not limited to non-enhanced T1w images. When trained appropriately, our approach handles an arbitrary number of modalities including contrast-enhanced scans. Its applicability to MRI data, comprising four channels: non-enhanced and contrast-enhanced T1w, T2w and FLAIR contrasts, is demonstrated on a challenging clinical data set containing brain tumors (N=53), where our approach significantly outperforms six commonly used tools with a mean Dice score of 95.19. Further, the proposed method at least matches state-of-the-art performance as demonstrated on three publicly available data sets: IBSR, LPBA40 and OASIS, totaling N=135 volumes. For the IBSR (96.32) and LPBA40 (96.96) data set the convolutional neuronal network (CNN) obtains the highest average Dice scores, albeit not being significantly different from the second best performing method. For the OASIS data the second best Dice (95.02) results are achieved, with no statistical difference in comparison to the best performing tool. For all data sets the highest average specificity measures are evaluated, whereas the sensitivity displays about average results. Adjusting the cut-off threshold for generating the binary masks from the CNN's probability output can be used to increase the sensitivity of the method. Of course, this comes at the cost of a decreased specificity and has to be decided application specific. Using an optimized GPU implementation predictions can be achieved in less than one minute. The proposed method may prove useful for large-scale studies and clinical trials.}
}

@article{billot_robust_2023,
	title = {{Robust} machine learning segmentation for large-scale analysis of heterogeneous clinical brain {MRI} datasets},
	author = {Billot, Benjamin and Colin, Magdamo Cheng, You and Das, Sudeshna and Iglesias, Juan Eugenio},
	journal = {{Proceedings} of the {National} {Academy} of {Sciences} ({PNAS})},
	year = {2023},
	volume = {120},
	number = {9},
	pages = {1--10},
    doi = {10.1073/pnas.2216399120},
}

@ARTICLE{cyclemorph,
       author = {{Kim}, Boah and {Kim}, Dong Hwan and {Park}, Seong Ho and {Kim}, Jieun and {Lee}, June-Goo and {Ye}, Jong Chul},
        title = "{CycleMorph: Cycle Consistent Unsupervised Deformable Image Registration}",
      journal = {arXiv e-prints},
     keywords = {Computer Science - Computer Vision and Pattern Recognition, Computer Science - Machine Learning, Electrical Engineering and Systems Science - Image and Video Processing, Statistics - Machine Learning},
         year = 2020,
        month = aug,
          eid = {arXiv:2008.05772},
        pages = {arXiv:2008.05772},
          doi = {10.48550/arXiv.2008.05772},
archivePrefix = {arXiv},
       eprint = {2008.05772},
 primaryClass = {cs.CV},
       adsurl = {https://ui.adsabs.harvard.edu/abs/2020arXiv200805772K},
      adsnote = {Provided by the SAO/NASA Astrophysics Data System}
}